<?xml version="1.0" encoding="UTF-8"?><record xmlns="http://www.loc.gov/MARC21/slim" xmlns:cinclude="http://apache.org/cocoon/include/1.0" xmlns:zs="http://www.loc.gov/zing/srw/">
  <leader>00560cz  a2200145n  4500</leader>
  <controlfield tag="001">n  83222805 </controlfield>
  <controlfield tag="003">DLC</controlfield>
  <controlfield tag="005">20081212081337.0</controlfield>
  <controlfield tag="008">830907n| acannaabn          |n aaa      </controlfield>
  <datafield tag="010" ind1=" " ind2=" ">
    <subfield code="a">n  83222805 </subfield>
  </datafield>
  <datafield tag="035" ind1=" " ind2=" ">
    <subfield code="a">(OCoLC)oca01028944</subfield>
  </datafield>
  <datafield tag="040" ind1=" " ind2=" ">
    <subfield code="a">DLC</subfield>
    <subfield code="b">eng</subfield>
    <subfield code="c">DLC</subfield>
    <subfield code="d">OCoLC</subfield>
  </datafield>
  <datafield tag="100" ind1="1" ind2=" ">
    <subfield code="a">Baum, Ute</subfield>
  </datafield>
  <datafield tag="670" ind1=" " ind2=" ">
    <subfield code="a">Her Bertolt Brechts Verhältnis zu Shakespeare, 1981:</subfield>
    <subfield code="b">t.p. (Ute Baum) p. 4 of cover (b. 1937 in Dresden; Dr. phil.; Schauspieldramaturgin; Diplomgermanist; Diplomdolmetscherin für Russisch und Französisch)</subfield>
  </datafield>
  <datafield tag="670" ind1=" " ind2=" ">
    <subfield code="a">LC data base, 9-2-83</subfield>
    <subfield code="b">(hdg.: Baum, Ute)</subfield>
  </datafield>
</record>